<mx:record xmlns:v="http://viaf.org/viaf/terms#" xmlns:srw="http://www.loc.gov/zing/srw/" xmlns:mx="http://www.loc.gov/MARC21/slim"><mx:leader>00000nz##a22.....n..4500</mx:leader><mx:controlfield tag="001">viaf102328360</mx:controlfield><mx:controlfield tag="003">OCoLC</mx:controlfield><mx:controlfield tag="008">100726n||azznnabbn##########|a#aaa####|#</mx:controlfield><mx:datafield ind2=" " ind1="7" tag="024"><mx:subfield code="a">http://viaf.org/viaf/102328360</mx:subfield><mx:subfield code="2">uri</mx:subfield></mx:datafield><mx:datafield ind2=" " ind1=" " tag="040"><mx:subfield code="a">VIAF</mx:subfield><mx:subfield code="c">VIAF</mx:subfield></mx:datafield><mx:datafield tag="700" ind2=" " ind1="0"><mx:subfield code="a">Aeneas Gazaeus,</mx:subfield><mx:subfield code="d">430-486</mx:subfield><mx:subfield code="7">mzk2005290014</mx:subfield><mx:subfield code="0">(NKC)mzk2005290014</mx:subfield></mx:datafield><mx:datafield tag="100" ind2=" " ind1="0"><mx:subfield code="a">Aeneas</mx:subfield><mx:subfield code="c">Gazaeus</mx:subfield><mx:subfield code="d">430-486</mx:subfield><mx:subfield code="0">(DNB)118647148</mx:subfield></mx:datafield><mx:datafield tag="700" ind2=" " ind1="0"><mx:subfield code="a">Aeneas,</mx:subfield><mx:subfield code="c">Gazaeus</mx:subfield><mx:subfield code="0">(RERO)vtls000003937</mx:subfield></mx:datafield><mx:datafield ind2=" " ind1=" " tag="375"><mx:subfield code="a">unknown</mx:subfield><mx:subfield code="2">0</mx:subfield></mx:datafield><mx:datafield tag="400" ind2=" " ind1="0"><mx:subfield code="a">Aeneas Platonicus,</mx:subfield><mx:subfield code="d">430-486</mx:subfield><mx:subfield code="2">NKC</mx:subfield></mx:datafield><mx:datafield tag="400" ind2=" " ind1="0"><mx:subfield code="a">Aeneas Sophistes,</mx:subfield><mx:subfield code="d">430-486</mx:subfield><mx:subfield code="2">NKC</mx:subfield></mx:datafield><mx:datafield tag="400" ind2=" " ind1="0"><mx:subfield code="a">Aeneas</mx:subfield><mx:subfield code="c">Platonicus</mx:subfield><mx:subfield code="d">430-486</mx:subfield><mx:subfield code="2">DNB</mx:subfield></mx:datafield><mx:datafield tag="400" ind2=" " ind1="0"><mx:subfield code="a">Aeneas</mx:subfield><mx:subfield code="c">Sophistes</mx:subfield><mx:subfield code="d">430-486</mx:subfield><mx:subfield code="2">DNB</mx:subfield></mx:datafield><mx:datafield tag="400" ind2=" " ind1="0"><mx:subfield code="a">Aineas von Gaza,</mx:subfield><mx:subfield code="d">430-486</mx:subfield><mx:subfield code="2">NKC</mx:subfield></mx:datafield><mx:datafield tag="400" ind2=" " ind1="0"><mx:subfield code="a">Aineas</mx:subfield><mx:subfield code="c">von Gaza</mx:subfield><mx:subfield code="d">430-486</mx:subfield><mx:subfield code="2">DNB</mx:subfield></mx:datafield><mx:datafield tag="400" ind2=" " ind1="0"><mx:subfield code="a">Aineias aus Gaza,</mx:subfield><mx:subfield code="d">430-486</mx:subfield><mx:subfield code="2">NKC</mx:subfield></mx:datafield><mx:datafield tag="400" ind2=" " ind1="0"><mx:subfield code="a">Aineias</mx:subfield><mx:subfield code="c">aus Gaza</mx:subfield><mx:subfield code="d">430-486</mx:subfield><mx:subfield code="2">DNB</mx:subfield></mx:datafield><mx:datafield tag="400" ind2=" " ind1="0"><mx:subfield code="a">Enea,</mx:subfield><mx:subfield code="c">Di Gaza</mx:subfield><mx:subfield code="2">RERO</mx:subfield></mx:datafield><mx:datafield tag="400" ind2=" " ind1="0"><mx:subfield code="a">Enée</mx:subfield><mx:subfield code="c">de Gaza</mx:subfield><mx:subfield code="d">430-486</mx:subfield><mx:subfield code="2">DNB</mx:subfield></mx:datafield><mx:datafield tag="400" ind2=" " ind1="0"><mx:subfield code="a">Enée de Gaza,</mx:subfield><mx:subfield code="d">430-486</mx:subfield><mx:subfield code="2">NKC</mx:subfield></mx:datafield><mx:datafield tag="400" ind2=" " ind1="0"><mx:subfield code="a">Enée,</mx:subfield><mx:subfield code="c">De Gaza</mx:subfield><mx:subfield code="2">RERO</mx:subfield></mx:datafield><mx:datafield tag="400" ind2=" " ind1="1"><mx:subfield code="a">Gacaeus, Aeneas,</mx:subfield><mx:subfield code="d">430-486</mx:subfield><mx:subfield code="2">NKC</mx:subfield></mx:datafield><mx:datafield tag="400" ind2=" " ind1="1"><mx:subfield code="a">Gacaeus, Aeneas</mx:subfield><mx:subfield code="d">430-486</mx:subfield><mx:subfield code="2">DNB</mx:subfield></mx:datafield><mx:datafield tag="400" ind2=" " ind1="1"><mx:subfield code="a">Gaza, Enée de</mx:subfield><mx:subfield code="2">RERO</mx:subfield></mx:datafield><mx:datafield tag="400" ind2=" " ind1="1"><mx:subfield code="a">Gazaeus, Aeneas,</mx:subfield><mx:subfield code="d">430-486</mx:subfield><mx:subfield code="2">NKC</mx:subfield></mx:datafield><mx:datafield tag="400" ind2=" " ind1="1"><mx:subfield code="a">Gazaeus, Aeneas</mx:subfield><mx:subfield code="d">430-486</mx:subfield><mx:subfield code="2">DNB</mx:subfield></mx:datafield><mx:datafield tag="400" ind2=" " ind1="1"><mx:subfield code="a">Gazeus, Aeneas,</mx:subfield><mx:subfield code="d">430-486</mx:subfield><mx:subfield code="2">NKC</mx:subfield></mx:datafield><mx:datafield tag="400" ind2=" " ind1="1"><mx:subfield code="a">Gazeus, Aeneas</mx:subfield><mx:subfield code="d">430-486</mx:subfield><mx:subfield code="2">DNB</mx:subfield></mx:datafield><mx:datafield tag="400" ind2=" " ind1="0"><mx:subfield code="a">Äneas von Gaza,</mx:subfield><mx:subfield code="d">430-486</mx:subfield><mx:subfield code="2">NKC</mx:subfield></mx:datafield><mx:datafield tag="950" ind2=" " ind1=" "><mx:subfield code="a">Traversarius, Ambrosius, Camaldulensis</mx:subfield><mx:subfield code="9">1</mx:subfield><mx:subfield code="2">RERO</mx:subfield></mx:datafield><mx:datafield tag="950" ind2=" " ind1=" "><mx:subfield code="a">Minniti Colonna, Maria</mx:subfield><mx:subfield code="9">1</mx:subfield><mx:subfield code="2">RERO</mx:subfield></mx:datafield><mx:datafield tag="950" ind2=" " ind1=" "><mx:subfield code="a">Massa Positano, Lydia</mx:subfield><mx:subfield code="9">1</mx:subfield><mx:subfield code="2">RERO</mx:subfield></mx:datafield><mx:datafield tag="910" ind2=" " ind1=" "><mx:subfield code="a">de immortalitate animae et mundi consummatione</mx:subfield><mx:subfield code="9">1</mx:subfield><mx:subfield code="2">DNB</mx:subfield></mx:datafield><mx:datafield tag="910" ind2=" " ind1=" "><mx:subfield code="a">de immortalitate animae et mortalitate universi</mx:subfield><mx:subfield code="9">1</mx:subfield><mx:subfield code="2">DNB</mx:subfield></mx:datafield><mx:datafield tag="910" ind2=" " ind1=" "><mx:subfield code="a">aeneae platonici christiani de immortalitate animae deque corporum r</mx:subfield><mx:subfield code="9">1</mx:subfield><mx:subfield code="2">DNB</mx:subfield></mx:datafield><mx:datafield tag="910" ind2=" " ind1=" "><mx:subfield code="a">Teofrasto.</mx:subfield><mx:subfield code="9">1</mx:subfield><mx:subfield code="2">RERO</mx:subfield></mx:datafield><mx:datafield tag="910" ind2=" " ind1=" "><mx:subfield code="a">Epistole.</mx:subfield><mx:subfield code="9">1</mx:subfield><mx:subfield code="2">RERO</mx:subfield></mx:datafield><mx:datafield tag="910" ind2=" " ind1=" "><mx:subfield code="a">Aeneae platonici graeci christianissimi, de immortalitate animorum, deque corporum resurrectione, aureus libellus, cui  titulus est Theophrastus</mx:subfield><mx:subfield code="9">1</mx:subfield><mx:subfield code="2">RERO</mx:subfield></mx:datafield><mx:datafield tag="921" ind2=" " ind1=" "><mx:subfield code="a">S. Iodice ed.</mx:subfield><mx:subfield code="9">1</mx:subfield><mx:subfield code="2">RERO</mx:subfield></mx:datafield><mx:datafield tag="921" ind2=" " ind1=" "><mx:subfield code="a">Per Alexandrum de Paganinis</mx:subfield><mx:subfield code="9">1</mx:subfield><mx:subfield code="2">RERO</mx:subfield></mx:datafield><mx:datafield tag="921" ind2=" " ind1=" "><mx:subfield code="a">Libr. Scientifica ed.</mx:subfield><mx:subfield code="9">1</mx:subfield><mx:subfield code="2">RERO</mx:subfield></mx:datafield><mx:datafield ind2=" " ind1=" " tag="943"><mx:subfield code="a">151.</mx:subfield><mx:subfield code="9">2</mx:subfield></mx:datafield><mx:datafield ind2=" " ind1=" " tag="943"><mx:subfield code="a">152.</mx:subfield><mx:subfield code="9">0</mx:subfield></mx:datafield><mx:datafield ind2=" " ind1=" " tag="943"><mx:subfield code="a">153.</mx:subfield><mx:subfield code="9">0</mx:subfield></mx:datafield><mx:datafield ind2=" " ind1=" " tag="943"><mx:subfield code="a">154.</mx:subfield><mx:subfield code="9">0</mx:subfield></mx:datafield><mx:datafield ind2=" " ind1=" " tag="943"><mx:subfield code="a">155.</mx:subfield><mx:subfield code="9">0</mx:subfield></mx:datafield><mx:datafield ind2=" " ind1=" " tag="943"><mx:subfield code="a">156.</mx:subfield><mx:subfield code="9">0</mx:subfield></mx:datafield><mx:datafield ind2=" " ind1=" " tag="943"><mx:subfield code="a">157.</mx:subfield><mx:subfield code="9">0</mx:subfield></mx:datafield><mx:datafield ind2=" " ind1=" " tag="943"><mx:subfield code="a">158.</mx:subfield><mx:subfield code="9">0</mx:subfield></mx:datafield><mx:datafield ind2=" " ind1=" " tag="943"><mx:subfield code="a">159.</mx:subfield><mx:subfield code="9">0</mx:subfield></mx:datafield><mx:datafield ind2=" " ind1=" " tag="943"><mx:subfield code="a">160.</mx:subfield><mx:subfield code="9">0</mx:subfield></mx:datafield><mx:datafield ind2=" " ind1=" " tag="943"><mx:subfield code="a">161.</mx:subfield><mx:subfield code="9">0</mx:subfield></mx:datafield><mx:datafield ind2=" " ind1=" " tag="943"><mx:subfield code="a">162.</mx:subfield><mx:subfield code="9">0</mx:subfield></mx:datafield><mx:datafield ind2=" " ind1=" " tag="943"><mx:subfield code="a">163.</mx:subfield><mx:subfield code="9">0</mx:subfield></mx:datafield><mx:datafield ind2=" " ind1=" " tag="943"><mx:subfield code="a">164.</mx:subfield><mx:subfield code="9">0</mx:subfield></mx:datafield><mx:datafield ind2=" " ind1=" " tag="943"><mx:subfield code="a">165.</mx:subfield><mx:subfield code="9">1</mx:subfield></mx:datafield><mx:datafield ind2=" " ind1=" " tag="943"><mx:subfield code="a">166.</mx:subfield><mx:subfield code="9">0</mx:subfield></mx:datafield><mx:datafield ind2=" " ind1=" " tag="943"><mx:subfield code="a">167.</mx:subfield><mx:subfield code="9">0</mx:subfield></mx:datafield><mx:datafield ind2=" " ind1=" " tag="943"><mx:subfield code="a">168.</mx:subfield><mx:subfield code="9">0</mx:subfield></mx:datafield><mx:datafield ind2=" " ind1=" " tag="943"><mx:subfield code="a">169.</mx:subfield><mx:subfield code="9">0</mx:subfield></mx:datafield><mx:datafield ind2=" " ind1=" " tag="943"><mx:subfield code="a">170.</mx:subfield><mx:subfield code="9">0</mx:subfield></mx:datafield><mx:datafield ind2=" " ind1=" " tag="943"><mx:subfield code="a">171.</mx:subfield><mx:subfield code="9">0</mx:subfield></mx:datafield><mx:datafield ind2=" " ind1=" " tag="943"><mx:subfield code="a">172.</mx:subfield><mx:subfield code="9">0</mx:subfield></mx:datafield><mx:datafield ind2=" " ind1=" " tag="943"><mx:subfield code="a">173.</mx:subfield><mx:subfield code="9">0</mx:subfield></mx:datafield><mx:datafield ind2=" " ind1=" " tag="943"><mx:subfield code="a">174.</mx:subfield><mx:subfield code="9">0</mx:subfield></mx:datafield><mx:datafield ind2=" " ind1=" " tag="943"><mx:subfield code="a">175.</mx:subfield><mx:subfield code="9">0</mx:subfield></mx:datafield><mx:datafield ind2=" " ind1=" " tag="943"><mx:subfield code="a">176.</mx:subfield><mx:subfield code="9">0</mx:subfield></mx:datafield><mx:datafield ind2=" " ind1=" " tag="943"><mx:subfield code="a">177.</mx:subfield><mx:subfield code="9">0</mx:subfield></mx:datafield><mx:datafield ind2=" " ind1=" " tag="943"><mx:subfield code="a">178.</mx:subfield><mx:subfield code="9">0</mx:subfield></mx:datafield><mx:datafield ind2=" " ind1=" " tag="943"><mx:subfield code="a">179.</mx:subfield><mx:subfield code="9">0</mx:subfield></mx:datafield><mx:datafield ind2=" " ind1=" " tag="943"><mx:subfield code="a">180.</mx:subfield><mx:subfield code="9">0</mx:subfield></mx:datafield><mx:datafield ind2=" " ind1=" " tag="943"><mx:subfield code="a">181.</mx:subfield><mx:subfield code="9">0</mx:subfield></mx:datafield><mx:datafield ind2=" " ind1=" " tag="943"><mx:subfield code="a">182.</mx:subfield><mx:subfield code="9">0</mx:subfield></mx:datafield><mx:datafield ind2=" " ind1=" " tag="943"><mx:subfield code="a">183.</mx:subfield><mx:subfield code="9">1</mx:subfield></mx:datafield><mx:datafield ind2=" " ind1=" " tag="943"><mx:subfield code="a">184.</mx:subfield><mx:subfield code="9">0</mx:subfield></mx:datafield><mx:datafield ind2=" " ind1=" " tag="943"><mx:subfield code="a">185.</mx:subfield><mx:subfield code="9">0</mx:subfield></mx:datafield><mx:datafield ind2=" " ind1=" " tag="943"><mx:subfield code="a">186.</mx:subfield><mx:subfield code="9">0</mx:subfield></mx:datafield><mx:datafield ind2=" " ind1=" " tag="943"><mx:subfield code="a">187.</mx:subfield><mx:subfield code="9">0</mx:subfield></mx:datafield><mx:datafield ind2=" " ind1=" " tag="943"><mx:subfield code="a">188.</mx:subfield><mx:subfield code="9">0</mx:subfield></mx:datafield><mx:datafield ind2=" " ind1=" " tag="943"><mx:subfield code="a">189.</mx:subfield><mx:subfield code="9">0</mx:subfield></mx:datafield><mx:datafield ind2=" " ind1=" " tag="943"><mx:subfield code="a">190.</mx:subfield><mx:subfield code="9">0</mx:subfield></mx:datafield><mx:datafield ind2=" " ind1=" " tag="943"><mx:subfield code="a">191.</mx:subfield><mx:subfield code="9">0</mx:subfield></mx:datafield><mx:datafield ind2=" " ind1=" " tag="943"><mx:subfield code="a">192.</mx:subfield><mx:subfield code="9">0</mx:subfield></mx:datafield><mx:datafield ind2=" " ind1=" " tag="943"><mx:subfield code="a">193.</mx:subfield><mx:subfield code="9">0</mx:subfield></mx:datafield><mx:datafield ind2=" " ind1=" " tag="943"><mx:subfield code="a">194.</mx:subfield><mx:subfield code="9">0</mx:subfield></mx:datafield><mx:datafield ind2=" " ind1=" " tag="943"><mx:subfield code="a">195.</mx:subfield><mx:subfield code="9">1</mx:subfield></mx:datafield><mx:datafield ind2=" " ind1=" " tag="943"><mx:subfield code="a">196.</mx:subfield><mx:subfield code="9">1</mx:subfield></mx:datafield><mx:datafield ind2=" " ind1=" " tag="970"><mx:subfield code="a">430</mx:subfield><mx:subfield code="b">486</mx:subfield><mx:subfield code="c">lived</mx:subfield></mx:datafield></mx:record>